2218 3784
380 271 438 339 Dr
461 265 664 342 Colun'nt.
883 275 946 362 'toy

291 439 369 514 Rus
393 458 567 513 conrrrns
599 433 772 512 nuruum?

409 549 657 602 acconam.

159 707 252 792 Quae
273 701 402 790 triplicis
424 709 546 794 generis
568 705 695 793 negotia
716 704 755 773 ad
775 693 946 776 alneona«

112 793 158 861 tia
181 839 192 875 ,
214 793 324 862 eadem
347 793 381 862 dc
404 797 442 862 ad
466 794 603 864 Tributa
625 794 839 885 pertinuerunt
861 840 874 877 ,
894 795 945 862 vi·
1023 811 1027 816 ’

109 879 225 949 delicet
249 883 459 963 Creationes‚
482 883 601 970 Leges,
623 881 656 946 δι
675 881 813 963 Judieia.

157 969 186 1034 1.
210 966 309 1037 Certe
331 969 456 1054 quidem
486 988 602 1036 creatos
632 967 679 1034 his
701 969 834 1038 comitiis
856 967 943 1040 suilla

112 1055 230 1129 constat
263 1057 454 1142 magistratus
482 1079 593 1124 omnes
623 1054 754 1122 urbanos
775 1056 944 1140 minores,
998 1086 1005 1092 -

112 1161 185 1210 tucn
208 1141 397 1224 ordinatim,
420 1145 570 1212 nimirum
595 1141 745 1224 Aediles,
768 1141 942 1232 Tribunos,

112 1229 301 1314 Quaestores
328 1279 339 1312 ,
362 1229 498 1318 aliosque
532 1248 633 1314 ;tum
656 1228 941 1313 extraordinarios,

112 1310 291 1386 Praeseuos
314 1340 466 1401 annonae,
488 1319 681 1387 Duumviros
702 1315 838 1402 navales,
861 1319 944 1398 ejus-

18 1485 23 1491 „
109 1405 241 1492 deinque
264 1408 384 1490 generis
406 1425 548 1474 ceteros:
573 1406 941 1489 necnonprouincieles,

110 1491 311 1561 Proconsules
332 1501 344 1578 ,'
365 1493 580 1579 Propraetores
603 1539 614 1578 ,
635 1509 667 1559 at
690 1507 776 1560 extra
798 1490 939 1578 ordinem

107 1579 280 1648 mittendos
302 1603 313 1661 3
337 1579 375 1648 de
398 1583 508 1667 quibus
533 1581 605 1648 vide
621 1577 657 1650 srs
680 1579 806 1646 Livium
832 1579 940 1655 lllll.

107 1687 160 1747 23.
184 1667 218 1734 δι
240 1669 373 1736 XXIX.
402 1690 451 1752 13.
476 1669 588 1754 Itaque
619 1665 782 1752 fiquando
805 1664 938 1744 ejusmo-

106 1751 137 1819 di
162 1756 326 1840 quodpiam
345 1756 531 1842 provinciale
554 1772 640 1822 extra
662 1755 802 1822 ordinem
826 1778 941 1844 munus·

105 1860 161 1925 per
184 1844 311 1909 comitia
333 1846 504 1910 centuriata
525 1841 664 1910 delatum
687 1843 876 1923 occurrerit,
898 1859 939 1910 ut

107 1925 189 2011 apud
225 1929 356 1998 eundern
378 1928 555 2012 scriptorem
577 1928 714 1996 XXVI.
742 1931 791 1996 18.
815 1927 846 1994 id
869 1929 938 2014 qui-

102 2012 176 2082 dem
197 2035 319 2102 praeter
350 2017 530 2100 consuetum
562 2037 684 2083 morem
716 2013 757 2080 ob
780 2009 938 2086 insolitam

101 2102 240 2260 aliqgagr
264 2105 308 2174 rei
330 2106 520 2192 gravitatem
541 2101 660 2173 latrum
681 2099 790 2191 fuille,
811 2103 935 2174 credere

99 2209 143 2265 ne
186 2211 299 2263 orta.
840 2253 846 2260 .
967 2201 974 2229 ³

146 2279 224 2346 Non
249 2279 469 2351 solumautem
491 2299 733 2350 memoratorum
752 2277 846 2348 modo
868 2301 935 2348 ma-

100 2334 280 2452 gistratuum
296 2359 315 2451 ,”
330 2367 382 2436 sed
394 2369 601 2460 complurium
624 2371 718 2436 etiarn
742 2366 934 2436 sacerdotum

1 2517 4 2522 .
104 2454 222 2520 creatio
252 2453 290 2522 ad
334 2455 452 2524 tributa
482 2458 610 2526 comitia
646 2451 793 2541 spedlavit
837 2505 847 2523 .
887 2455 933 2522 Et

27 2561 31 2564 ·
104 2537 171 2619 jam
193 2540 271 2608 olim
302 2543 430 2630 quidenr
461 2565 515 2628 per
537 2565 573 2613 ea
598 2541 793 2614 ¹Pontificem
823 2540 934 2607 Maxi..

102 2647 192 2698 munt
215 2625 416 2697 fieri-solitum
439 2631 551 2714 indicat
574 2630 704 2698 Tullius
728 2628 818 2696 ILin
840 2625 934 2700 Rull.

14 2717 35 2738 '⁰
101 2735 133 2800 7.
157 2714 283 2784 Deinde
302 2739 381 2783 vero
404 2713 494 2798 hujus
516 2720 633 2804 generis
655 2716 783 2786 facultas
829 2713 866 2780 ad
896 2737 933 2780 o·
1019 2741 1023 2750 ·

99 2801 223 2868 nmium
234 2802 439 2892 collegiorum
461 2803 628 2874 sacerdotes
638 2802 840 2889 subrogandos
861 2822 931 2886 pro

100 2883 166 2953 lata
189 2887 231 2954 en
253 2937 265 2974 ‚
288 2893 358 2980 lege
380 2891 417 2960 ad
439 2892 470 2960 id
493 2893 556 2960 lata
578 2913 596 2960 a
617 2895 683 2968 Car.
707 2890 854 2961 Domitio
870 2890 931 2974 wtri·

103 2971 190 3040 buno
219 2975 263 3058 pl.
287 2978 324 3046 de
346 3000 407 3064 qua
429 2977 493 3046 lule
516 3024 528 3060 ‚
549 2977 584 3045 ἅ
607 2979 778 3048 luculenter
798 2977 928 3062 diluutat

99 3056 194 3128 Idem
216 3059 326 3132 eodem
348 3065 440 3136 loco.
464 3065 573 3150 Quare
596 3063 677 3151 quod
698 3085 801 3134 narrat
820 3067 927 3133 Livius

1 3210 3 3216 ,
96 3145 270 3219 XXXIX.
292 3153 346 3230 46.
377 3153 514 3226 Extremo
541 3150 649 3238 prioris
681 3153 752 3226 armi
774 3155 789 3233 (
813 3151 927 3220 scilicet
955 3173 958 3180 ’

99 3233 393 3332 ίίίίίίί,μυίςυ
424 3260 499 3416 3υὲ
520 3239 833 3332 ίυςυευίὶουυίιίυυυ1
849 3246 929 3333 λαμ·

172 3360 181 3380 ,-
209 3357 214 3368 =
528 3347 545 3422 5
778 3343 782 3352 ’
837 3339 929 3400 witta
