2268 3792
221 225 268 318 iv
416 233 836 323 PRAEFATIO.

222 375 336 436 mam
376 377 399 435 a
439 352 552 438 vobis
582 351 687 474 inire
735 349 836 472 posse
875 349 1054 464 gratiam

224 467 439 581 uideatur;
471 469 621 586 quippe
651 499 751 588 quae
783 499 862 556 non
892 468 971 568 alia
1001 471 1053 554 de

225 583 339 670 causa
368 586 410 672 in
444 589 622 674 medium
656 588 902 703 profilierit,
931 616 1058 703 quarn

225 702 363 792 vestris
395 729 440 792 ut
472 707 727 812 commodis,
756 729 951 820 quantum
984 733 1055 822 per

224 819 263 906 se
296 823 381 909 fieri
413 823 557 940 portet,
586 824 809 912 consultum
842 825 939 910 iret.
971 829 1052 908 Dn-

222 938 402 1028 icbomus
432 943 640 1058 enimuero
661 941 810 1054 santet,
841 972 932 1050 curn
965 937 1058 1060 plur·¹

120 1129 126 1142 .
223 1085 285 1145 res
315 1057 434 1147 edent
475 1060 543 1148 vel
574 1061 729 1178 egregie
760 1062 973 1148 elaborata
1005 1057 1047 1143 id

91 1236 96 1246 .
222 1205 347 1293 genus
409 1177 622 1288 Συλλογσὶ,
680 1211 760 1268 non
802 1205 938 1266 tamen
984 1207 1047 1266 ea-

223 1323 315 1380 rurn
347 1293 583 1418 quampiam
615 1301 664 1386 ad
697 1329 837 1384 onmes
876 1294 949 1384 esic
980 1324 1047 1382 vc·

225 1409 318 1500 siras
348 1415 520 1504 rationes
550 1420 924 1523 accommodatam,
953 1440 1049 1501 cunt

222 1559 314 1618 eam
346 1533 577 1652 plerumque
607 1535 651 1622 in
682 1561 815 1624 rerum
847 1531 1054 1621 trardiatio¹

221 1649 337 1736 nibus
367 1652 435 1738 vel
467 1653 787 1772 prolixitatem,
815 1651 885 1743 vel
918 1651 1051 1737 brevi·

221 1791 350 1855 tatem
380 1769 621 1860 sectarentur
649 1839 667 1886 ‚
724 1803 804 1890 qua
826 1769 1052 1890 ¹praestitu-

217 1909 280 1974 tos
335 1889 484 1978 vestrae
543 1891 789 1988 institutioni
851 1887 1052 1976 terminos

216 2026 285 2091 aut
318 2003 407 2120 plus
436 2003 535 2115 justo
575 2011 836 2118 excederent,
862 2031 932 2093 aut
964 2036 1049 2093 non
1079 1992 1103 2017 ⁸

217 2121 465 2234 attingerent
497 2157 518 2231 ;
566 2123 630 2211 sed
670 2154 767 2212 vero
807 2128 933 2212 etiam
964 2153 1046 2210 non

215 2241 396 2446 saucio,
443 2270 545 2356 quae
586 2268 682 2358 nota
714 2243 828 2330 vobis
858 2240 932 2351 ess·
964 2241 1047 2327 uel·

234 2357 348 2444 en'ans
368 2422 388 2467 ,.
405 2357 537 2476 *piane
554 2359 763 2448 *carerentl
787 2425 798 2450 .
821 2359 825 2364 ’
860 2369 1062 2480 Ωιιαρτο-”

216 2500 305 2598 pter
332 2505 425 2566 cunr
457 2509 547 2566 non·
568 2479 725 2598 penitus
753 2511 805 2568 ex
836 2477 923 2566 usu
946 2477 1044 2564 illac

216 2597 346 2720 vestro
392 2599 685 2711 crederentur,
740 2629 791 2687 eo
832 2594 1051 2716 quotannis

211 2712 427 2831 confugere
459 2718 607 2806 neoeffe
640 2743 759 2832 erat,
789 2742 833 2804 ut
864 2745 966 2830 quae
998 2715 1048 2800 ad

213 2839 450 2928 Romanam
489 2835 774 2954 antiquitatem
825 2833 1056 2954 spedonna.

215 2951 562 3072 tradi-deberent,
590 2983 648 3042 ea·
667 2949 876 3069 descripto
906 2951 1049 3038 omnia

211 3073 483 3170 duareno:
512 3073 630 3187 quod·
649 3070 753 3190 sane·
769 3101 845 3162 uec
871 3070 1051 3164 finnio-2

232 3245 238 3258 ·
333 3249 345 3260 ν
558 3213 569 3258 g
622 3253 625 3261 ·
943 3215 1037 3306 gffss'f
