2268 3792
207 229 251 309 78
428 227 931 316 erinnem„³

160 367 163 376 .
205 313 355 402 arboreris
376 311 525 396 Quintam
535 312 717 380 Romanum
740 311 888 396 populum
898 313 1049 404 recepisse·

205 398 332 470 testatur
354 452 363 468 .
389 403 480 487 Quos
502 400 535 464 in
558 397 675 466 diversa
706 397 854 466 abeuntes
878 419 914 468 ut
936 407 1045 474 conci.

204 482 263 557 siet
288 485 702 574 Lipfius·11.deMagnit.
728 487 826 554 Rom.
850 509 876 554 1.
900 510 972 558 eam
995 493 1044 560 in·

205 575 344 661 greditur
369 579 454 643 viam
479 623 490 657 ‚
525 593 558 642 ut
581 575 725 660 opinetur
747 623 758 656 ‚
780 591 833 640 aut
855 575 949 650 verbe
973 581 1045 664 Ap.

205 663 291 746 pians
314 663 351 730 de
372 661 455 730 filvis
476 660 597 730 caeduis
627 659 821 730 solummodo
844 661 923 746 posse
947 665 1044 735 inrel-

207 747 264 833 sigi
289 774 300 833 3
324 769 378 818 aut
400 773 477 820 vero
499 751 601 832 potari
624 748 741 816 Siculos
767 797 777 830 ,
799 745 837 816 de
860 749 970 836 quibus
992 753 1043 822 lo·

207 838 312 921 quitur
334 839 449 906 Cicero
468 883 479 918 ,
501 835 663 922 benignius
687 834 826 920 habitos,
844 856 888 927 ¹nt
908 860 970 904 non
993 861 1045 911 re·

207 923 364 1008 liquorum
386 925 476 994 instar
491 925 650 1007 Quintae,
672 922 722 994 sed
736 923 894 994 Decitmas
915 942 1044 996 tantum

206 1031 245 1076 er
269 1011 418 1080 arboretis
441 1014 632 1100 penderent.
1126 1091 1129 1098 ,

247 1098 345 1188 Quod
367 1123 443 1167 vero
463 1099 627 1168 Porrorr'um
648 1117 821 1182 vocatum,
844 1096 878 1165 id
897 1095 1040 1186 vestiga·

203 1181 244 1251 lis
266 1207 362 1271 genus
385 1207 527 1254 ererum
548 1186 726 1255 invectione
748 1240 758 1272 ,
789 1185 824 1254 ἃ
847 1187 1040 1273 exportatio·

200 1293 243 1338 ne
263 1272 384 1343 redibat
406 1323 416 1342 .
450 1271 530 1353 Eius
552 1293 676 1342 autem.
690 1273 936 1360 magnitudinem
960 1276 1042 1357 (yde

160 1417 164 1426 .
203 1381 265 1444 que
287 1380 408 1430 cercuro
430 1362 509 1448 nihii
532 1359 690 1448 scriptores
721 1359 920 1446 prodiderunt
942 1366 958 1444 )
980 1385 1039 1444 vg-
1123 1403 1130 1416 ·

202 1445 282 1514 rinm
306 1470 360 1534 pro
381 1452 542 1538 regionum
573 1445 747 1516 direrfitete
778 1447 920 1518 exstitisse
941 1447 1041 1518 credi-
1116 1458 1125 1470 '

200 1532 264 1600 bile
287 1539 416 1605 omnino
438 1536 500 1607 esi.
524 1529 564 1605 in
585 1555 675 1620 portu
698 1535 823 1624 quidem
845 1533 1038 1617 Syracusano

203 1618 411 1705 Vicesimum(
434 1627 454 1691 i.
479 1649 507 1692 e.
530 1626 666 1710 quinque
698 1625 730 1691 in
761 1644 891 1692 centena
915 1627 929 1707 )
951 1623 999 1690 exi
1025 1625 1040 1694 ἰ

200 1708 388 1778 consuevisse
412 1711 542 1796 portorii
561 1713 721 1798 romine,
744 1710 886 1782 discimus
908 1733 927 1780 a
950 1646 1038 1784 Ted-

203 1793 250 1862 tio
274 1797 322 1866 Is.
349 1801 508 1886 Verr.75.
591 1875 594 1880 ,

245 1885 439 1972 scripturae
463 1887 581 1976 pascois
601 1887 803 1976 proveniebat
827 1913 837 1970 ς
861 1887 913 1960 eui
933 1907 970 1954 er
994 1907 1039 1956 eo

196 1967 314 2040 sosium
337 1997 473 2056 nomen,
496 1975 581 2064 quod
593 1999 738 2062 pecorum
759 1975 834 2042 iiiuc
857 1975 1036 2042 immitten-

196 2053 306 2124 dorum
329 2081 492 2126 numerum
517 2109 527 2141 ‚
559 2085 654 2146 quem
677 2064 775 2146 pastor
797 2061 1034 2147 profitebatur,

195 2142 264 2207 suas
288 2144 320 2207 in
343 2145 463 2211 tabulas
487 2145 665 2227 publicanus
708 2146 835 2214 referret
860 2193 872 2228 ,
900 2167 935 2214 et
959 2145 1037 2216 inde

83 2245 87 2251 ’
194 2229 268 2314 quid
292 2246 347 2310 pro
370 2252 408 2296 eo
431 2226 508 2297 solvi
531 2249 713 2314 oporteret,
735 2229 817 2298 ratio
839 2255 909 2299 cum
936 2231 1034 2315 pasto-

196 2337 230 2382 re
255 2313 318 2398 ipso
341 2320 502 2390 iniretur.
541 2320 627 2386 Hinc
649 2341 776 2406 quoque
795 2316 948 2400 ejusmodi
969 2339 1033 2387 tet·
1113 2350 1118 2356 ·

195 2424 247 2494 sae
267 2423 404 2487 tractus,
429 2427 496 2494 qno
514 2421 621 2496 greges
644 2405 759 2492 pastum
783 2409 883 2494 pretio
906 2407 1032 2476 induce-
1071 2457 1077 2470 .

195 2504 310 2558 rentur·
322 2537 334 2575 ,
355 2515 440 2579 agros
455 2493 661 2578 scriprrtrarios
680 2497 847 2581 nuncupari
871 2519 939 2564 mos
960 2493 1032 2564 suit.

238 2581 311 2661 Jam
343 2604 399 2670 pro
431 2581 544 2670 triplici
576 2579 634 2650 hoc
672 2581 878 2672 vectigalium
914 2581 1033 2670 genere
1066 2593 1068 2600 ’

191 2668 292 2734 vocati
328 2689 485 2756 praeterea
509 2671 663 2755 publicani
688 2671 758 2740 sunt
789 2669 1030 2757 ‚Decumani,

192 2751 352 2826 Portitores
368 2756 386 2840 '‚
407 2755 442 2825 &
464 2757 675 2844 Scripturarii.
774 2823 776 2829 .
1126 2769 1130 2781 '

234 2843 296 2908 Pro
326 2863 394 2912 tota
416 2845 473 2912 hac
506 2866 612 2914 antem
645 2841 790 2933 vectigali
824 2867 857 2914 te
886 2840 1029 2914 diversae

188 2925 349 3000 societates
370 2931 719 3018 conflaba'ntonquarnm
743 2953 945 3022 unaquaeque
965 2933 1027 2999 ali.

188 3015 276 3092 eujus
299 3019 477 3108 provinciae
488 3021 655 3106 vectigalia
668 3021 883 3104 conduceret,
907 3019 1025 3112 Itaque

104 3177 107 3184 ⁴
188 3099 329 3183 saepe'in
353 3123 494 3192 veterem
528 3107 739 3174 monumentis
758 3108 927 3177 ‘societates
949 3151 960 3188 ,
981 3103 1017 3173 δι
1089 3181 1094 3189 ,

186 3187 265 3256 Socii
287 3188 342 3258 hac
352 3193 481 3262 notione
501 3214 690 3278 occursum
713 3194 825 3284 quibus
844 3196 941 3283 eti-em
964 3213 1019 3273 ap.

949 3271 1027 3368 pes
