2218 3784
163 173 215 292 *9²8
388 205 824 276 Caerer.

390 469 482 542 Res
529 487 777 540 curarunttrts

424 575 559 629 nunaut
583 575 756 626 socrant.
855 579 856 582 ¹

213 739 335 812 Tribus
357 737 395 808 de
408 733 502 806 caulis
524 735 695 804 centuriata
717 732 930 820 habebantur,
952 737 1008 804 vel

170 848 208 898 ut
230 825 432 914 Magistratus
465 843 674 906 crearentur,
706 823 757 888 vel
788 841 823 890 ut
855 825 1011 893 ferrentur

75 989 77 995 ,
172 919 306 1004 Leges,
339 912 392 984 vel
421 931 458 984 ut
490 911 648 996 Judieium
679 909 900 1000 perduellionis
922 933 1010 980 exer-

170 1025 313 1076 ceretur.
622 1036 627 1046 ·
1089 1059 1093 1065 ,

216 1093 245 1159 Ι.
268 1087 472 1177 Magistratus
494 1089 619 1177 quidem
642 1135 653 1173 ,
682 1111 817 1178 quornm
840 1089 1010 1178 delgnatio

170 1176 308 1246 adhaec
337 1180 468 1244 comitia
498 1177 650 1259 pertinuit
674 1227 685 1261 ,
716 1178 802 1246 luere
824 1177 1010 1258 Consules,

172 1266 364 1343 Praetores,
381 1260 556 1344 Censorem
579 1285 622 1332 ac,
636 1263 675 1332 de
696 1265 1011 1333 extraordinariorum

168 1373 301 1421 numero
332 1347 514 1418 Decemviri
548 1349 656 1433 legum
687 1349 914 1420 scribendarum
938 1396 948 1428 a
970 1351 1008 1420 δι

168 1437 311 1510 Tribuni
333 1437 476 1504 militum
495 1433 649 1513 consulari
677 1439 861 1521 potestate.
891 1437 1011 1511 Iisdem
1105 1487 1108 1494 .

131 1559 146 1564 ’·
168 1527 278 1594 autem
297 1526 460 1610 creabatur
492 1525 564 1590 Rex
584 1521 740 1596 sacrorum
763 1525 834 1610 ‚de
855 1524 944 1608 cujus
966 1525 1011 1594 sa·

169 1613 313 1682 cerdorio
331 1614 369 1678 in
386 1610 429 1678 de
449 1611 664 1678 Sacerdotibus
685 1611 787 1680 sermo
809 1616 888 1684 erit.

104 1783 107 1790 ¹
147 1718 149 1722 ’
215 1701 264 1771 Il.
289 1702 390 1788 neges
411 1721 502 1784 porro
516 1721 574 1768 eae
597 1699 799 1770 histornitiis
820 1701 1020 1783 ferebantur«

169 1789 259 1878 queis
278 1789 384 1868 majus
405 1787 524 1874 aliquid
547 1789 710 1857 momenti
722 1790 835 1858 inellet
855 1838 868 1858 .
892 1788 1011 1870 Hujus·

168 1875 256 1945 modi
279 1874 386 1945 babita
408 1874 467 1945 luit
491 1876 557 1944 Lex
582 1876 713 1946 Valeria
733 1880 750 1960 (
768 1903 791 1946 a
813 1877 852 1952 P⁴¹
877 1877 1009 1964 Valerio

168 1963 339 2051 Poplicola
357 1964 485 2033 consule
508 1967 573 2034 lata
590 1969 608 2047 ’)
627 1965 668 2034 de
688 1969 933 2052 prouocatione.
957 1965 1011 2034 De
1094 2009 1095 2012 =

169 2071 237 2135 quo
258 2053 325 2132 ipso
346 2055 416 2128 ejus
437 2052 515 2132 legis
535 2051 665 2118 auclore
689 2053 837 2120 Valerius
861 2055 952 2122 Max.
965 2053 1011 2124 X.

172 2155 204 2202 1.
225 2133 350 2219 Legem,
369 2135 495 2219 inquit,
514 2135 650 2201 comitiis
659 2135 851 2204 centuriatis
872 2136 956 2225 ralia,
978 2162 1015 2206 ne

171 2220 244 2310 quis
264 2215 457 2308 magistratus
473 2218 572 2294 ciuem
588 2217 765 2288 Rauranum
785 2223 932 2306 adversas
949 2245 1016 2310 paa-

173 2309 354 2380 aacaaa'anem
371 2309 526 2378 uerberare
547 2351 561 2388 ‚
581 2326 635 2374 aar
653 2333 753 2376 necare
772 2307 886 2381 uellet.
1053 2375 1058 2385 ,

217 2399 318 2484 Leges
342 2418 432 2480 porro
454 2393 620 2464 duodecim
638 2393 837 2464 Tabularum
856 2397 1012 2470 creditum

173 2486 314 2554 maxime
335 2484 396 2558 luit
424 2507 482 2571 per
503 2483 676 2554 centuriata
705 2485 769 2554 elle
800 2485 1014 2572 perferendas.

173 2572 393 2662 Itaqueapud
425 2573 553 2644 Livium
577 2571 645 2642 ΙΙΙ.
677 2593 730 2660 34.
749 2571 791 2641 de
810 2573 920 2644 decem
950 2575 1015 2660 pri·

173 2664 237 2732 mis
260 2664 367 2750 legam
389 2661 526 2752 Tabulis
544 2661 660 2752 legitur
685 2684 696 2726 a
720 2661 907 2730 centuriatis
927 2659 1017 2728 cami·
1102 2719 1104 2726 ,

171 2750 227 2818 aa'a'r
246 2751 292 2819 X.
316 2747 503 2818 Tabularum
525 2747 609 2836 leger
633 2745 767 2834 perlatae
786 2749 863 2834 sam
886 2798 897 2819 .
921 2751 1015 2822 Tum
1096 2771 1101 2788 ²

171 2857 201 2905 c.
231 2858 283 2921 37.
303 2837 344 2920 de
374 2837 502 2923 reliquis
529 2833 671 2904 duabus:
695 2835 770 2902 Hae
794 2861 907 2924 quaque
935 2833 1017 2924 leges

175 2921 366 2994 centuriatis
380 2924 512 2992 comitiis
530 2921 686 3008 perlatae.

218 3008 275 3079 Ad
293 3008 405 3078 eadem
425 3013 555 3080 comitia
582 3009 600 3075 'l
641 3031 672 3078 es
700 3007 739 3079 de
762 3003 925 3080 indicendo
948 3010 1021 3077 bel-'
1108 3028 1109 3063 l

176 3095 209 3167 lo
232 3099 463 3183 pertinuerunt.
487 3099 611 3182 Eremp
625 3119 680 3165 um
701 3098 733 3164 in
755 3121 823 3166 rem
844 3099 897 3166 dat
921 3098 1015 3165 idem
1108 3137 1109 3157 2

175 3185 244 3258 lv.
267 3189 299 3259 6.
322 3183 452 3275 Ro5atia
465 3229 487 3271 Ἱ,
508 3185 608 3278 inquit
628 3231 643 3272 ,
672 3185 708 3256 da
729 3185 805 3258 balle
826 3185 1015 3358 Μιιιὶοὲἱςο
1086 3195 1109 3251 1

169 3320 175 3346 ³
231 3299 238 3310 '
506 3293 507 3298 ’
599 3339 601 3342 -
971 3294 1014 3352 rie
1092 3297 1105 3342 .'
